@article{lam79,
  author    = {Leslie Lamport},
  title     = {How to Make a Multiprocessor Computer That Correctly Executes
               Multiprocess Programs},
  journal   = {IEEE Trans. Computers},
  volume    = {28},
  number    = {9},
  year      = {1979},
  pages     = {690-691},
}

@PhDThesis{alg10,
  author = {Jade Alglave},
  title = {A Shared Memory Poetics},
  school = {Universit\'e Paris~$7$ and INRIA},
  year = {2010}}

@inproceedings{ssa11,
  author    = {Susmit Sarkar and
               Peter Sewell and
               Jade Alglave and
               Luc Maranget and
               Derek Williams},
  title     = {Understanding {POWER} multiprocessors},
  booktitle = {PLDI},
  year      = {2011},
  publisher = {ACM},
  pages     = {175-186},
}

@inproceedings{ams10,
  author    = {Jade Alglave and
               Luc Maranget and
               Susmit Sarkar and
               Peter Sewell},
  title     = {Fences in Weak Memory Models},
  booktitle = {CAV},
  year      = {2010},
  publisher = {Springer},
  pages     = {258-272},
  ee        = {http://dx.doi.org/10.1007/978-3-642-14295-6_25},
  bibsource = {DBLP, http://dblp.uni-trier.de}
}

@inproceedings{ams11,
  author    = {Jade Alglave and
               Luc Maranget and
               Susmit Sarkar and
               Peter Sewell},
  title     = {Litmus: Running Tests against Hardware},
  booktitle = {TACAS},
  year      = {2011},
  publisher = {Springer},
  pages     = {41-44},
  ee        = {http://dx.doi.org/10.1007/978-3-642-19835-9_5},
  bibsource = {DBLP, http://dblp.uni-trier.de}
}

@article{ams12,
  author    = {Jade Alglave and
               Luc Maranget and
               Susmit Sarkar and
               Peter Sewell},
  title     = {Fences in weak memory models (extended version)},
  journal   = {Formal Methods in System Design},
  volume    = {40},
  number    = {2},
  year      = {2012},
  pages     = {170-205},
  ee        = {http://dx.doi.org/10.1007/s10703-011-0135-z},
  bibsource = {DBLP, http://dblp.uni-trier.de}
}

@article{amt14,
 author = {Jade Alglave and Luc Maranget and Michael Tautschnig},
  title = {Herding cats: Modelling, simulation, testing, and data-mining for
    weak memory},
 month = jul,
 year = 2014,
 journal = {TOPLAS},
 note = {Article No. 7, Issue 2},
 publisher = {ACM New York, NY, USA},
}

@manual{arm:cookbook,
  author = {Richard Grisenthwaite},
  title =        {{ARM} Barrier Litmus Tests and Cookbook},
  organization="ARM Ltd.",
  number = {PRD03-GENC-007826},
  year = {2009}
}

@manual{armv8,
  title = {ARM Architecture Reference Manual \\ ARMv8, for ARMv8-A architecture profile \\ Beta},
  organization = "ARM Ltd.",
  year = {2013},
  url = {\url{http://115.28.165.193/down/arm/arch/ARMv8-A_Architecture_Reference_Manual_%28Issue_A.a%29.pdf}}}
