@article{lam79,
  author    = {Leslie Lamport},
  title     = {How to Make a Multiprocessor Computer That Correctly Executes
               Multiprocess Programs},
  journal   = {IEEE Trans. Computers},
  volume    = {28},
  number    = {9},
  year      = {1979},
  pages     = {690-691},
}

@PhDThesis{alg10,
  author = {Jade Alglave},
  title = {A Shared Memory Poetics},
  school = {Universit\'e Paris~$7$ and INRIA},
  year = {2010}}

@inproceedings{ssa11,
  author    = {Susmit Sarkar and
               Peter Sewell and
               Jade Alglave and
               Luc Maranget and
               Derek Williams},
  title     = {Understanding {POWER} multiprocessors},
  booktitle = {PLDI},
  year      = {2011},
  publisher = {ACM},
  pages     = {175-186},
}

@article{amt14,
 author = {Jade Alglave and Luc Maranget and Michael Tautschnig},
  title = {Herding cats: Modelling, simulation, testing, and data-mining for
    weak memory},
 month = jul,
 year = 2014,
 journal = {TOPLAS},
 note = {Article No. 7, Issue 2},
 publisher = {ACM New York, NY, USA},
}


